
@inproceedings{le2016nii,
    title={{NII-HITACHI-UIT} at {TRECVID} 2016},
    author={Le, Duy-Dinh and Phan, Sang and Nguyen, Vinh-Tiep and Renoust, Benjamin and Nguyen, Tuan A and Hoang, Van-Nam and Ngo, Thanh Duc and Tran, Minh-Triet and Watanabe, Yuki and Klinkigt, Martin and others},
    booktitle={TRECVID Workshop},
    year={2016}
}

@inproceedings{sivic2003video,
    title={{V}ideo {G}oogle: {A} text retrieval approach to object matching in videos},
    author={Sivic, Josef and Zisserman, Andrew},
    booktitle={ICCV},
    //volume={2},
    //pages={1470},
    year={2003}
}

@inproceedings{simonyan2014very,
    title={Very deep convolutional networks for large-scale image recognition},
    author={Simonyan, Karen and Zisserman, Andrew},
    booktitle={ICLR},
    year={2015}
}

@inproceedings{snoek2017university,
    title={{U}niversity of {A}msterdam and {R}enmin {U}niversity at {TRECVID} 2017: {S}earching {V}ideo, {D}etecting {E}vents and {D}escribing {V}ideo},
    author={Snoek, Cees GM and Dong, Jianfeng and Li, Xirong and Wang, Xiaoxu and Wei, Qijie and Lan, Weiyu and Gavves, Efstratios and Hussein, Noureldien and Koelma, Dennis C and Smeulders, Arnold WM and others},
    booktitle={TRECVID Workshop},
    year={2017}
}

@inproceedings{foteini2016iti,
    title={{ITI-CERTH} {P}articipation in {TRECVID} 2016},
    author={Foteini, Markatopoulou and Anastasia, Moumtzidou and Damianos, Galanopoulos and Theodoros, Mironidis and Vagia, Kaltsa and Anastasia, Ioannidou and Symeonidis, Spyridon},
    booktitle={TRECVID Workshop},
    year={2016}
}

@inproceedings{markatopoulou2017query,
    title={{Q}uery and {K}eyframe {R}epresentations for {A}d-hoc {V}ideo {S}earch},
    author={Markatopoulou, Foteini and Galanopoulos, Damianos and Mezaris, Vasileios and Patras, Ioannis},
    //booktitle={Proceedings of the 2017 ACM on International Conference on Multimedia Retrieval}, 
    booktitle={ICMR}, 
    pages={407--411},
    year={2017}
}

@inproceedings{krizhevsky2012imagenet,
    title={{I}magenet classification with deep convolutional neural networks},
    author={Krizhevsky, Alex and Sutskever, Ilya and Hinton, Geoffrey E},
    booktitle={NeurIPS},
    pages={1097--1105},
    year={2012}
}

@inproceedings{szegedy2015going,
    title={{G}oing {D}eeper {W}ith {C}onvolutions},
    author={Szegedy, Christian and Liu, Wei and Jia, Yangqing and Sermanet, Pierre and Reed, Scott and Anguelov, Dragomir and Erhan, Dumitru and Vanhoucke, Vincent and Rabinovich, Andrew},
    booktitle={CVPR},
    pages={1--9},
    year={2015}
}

@inproceedings{he2016deep,
    title={{D}eep {R}esidual {L}earning for {I}mage {R}ecognition},
    author={He, Kaiming and Zhang, Xiangyu and Ren, Shaoqing and Sun, Jian},
    booktitle={CVPR},
    pages={770--778},
    year={2016}
}

@inproceedings{liang2016inf,
    title={{I}nformedia @ {T}recvid 2016},
    author={Liang, Junwei and Chen, Jia and Huang, Poyao and Li, Xuanchong and Jiang, Lu and Lan, Zhenzhong and Pan, Pingbo and Fan, Hehe and Jin, Qin and Sun, Jiande and Chen, Yang and Yang, Yi and Hauptmann, Alexandar},
    booktitle={TRECVID Workshop},
    year={2016}
}

@inproceedings{mikolov2013distributed,
    title={Distributed {R}epresentations of {W}ords and {P}hrases and their {C}ompositionality},
    author={Mikolov, Tomas and Sutskever, Ilya and Chen, Kai and Corrado, Greg S and Dean, Jeff},
    booktitle={NeurIPS},
    pages={3111--3119},
    year={2013}
}

@inproceedings{tran2015learning,
    title={{L}earning {S}patiotemporal {F}eatures with 3{D} {C}onvolutional {N}etworks},
    author={Tran, Du and Bourdev, Lubomir and Fergus, Rob and Torresani, Lorenzo and Paluri, Manohar},
    booktitle={ICCV},
    pages={4489--4497},
    year={2015}
}

@inproceedings{habibian2014videostory,
    title={{V}ideostory: {A} {N}ew {M}ultimedia {E}mbedding for {F}ew-{E}xample {R}ecognition and {T}ranslation of {E}vents},
    author={Habibian, Amirhossein and Mensink, Thomas and Snoek, Cees GM},
    booktitle={ACM MM},
    pages={17--26},
    year={2014}
}

@inproceedings{ueki2017waseda,
    title={{W}aseda\_{M}eisei at {TRECVID} 2017: {A}d-hoc {V}ideo {S}earch},
    author={Ueki, Kazuya and Hirakawa, Koji and Kikuchi, Kotaro and Ogawa, Tetsuji and Kobayashi, Tetsunori},
    booktitle={TRECVID Workshop},
    year={2017}
}

@inproceedings{nguyen2017vireo,
    title={{V}ireo@{TRECVID} 2017: {V}ideo-to-{T}ext, {A}d-hoc {V}ideo {S}earch and {V}ideo {H}yperlinking},
    author={Nguyen, Phuong Anh and Li, Qing and Cheng, Zhi-Qi and Lu, Yi-Jie and Zhang, Hao and Wu, Xiao and Ngo, Chong-Wah},
    booktitle={TRECVID Workshop},
    year={2017}
}

@inproceedings{li2019renmin,
    title={{R}enmin {U}niversity of {C}hina and {Z}hejiang {G}ongshang {U}niversity at {TRECVID} 2019: {L}earn to {S}earch and {D}escribe {V}ideos},
    author={Li, Xirong and Ye, Jinde and Xu, Chaoxi and Yun, Shanjinwen and Zhang, Leiming and Wang, Xun and Qian, Rui and Dong, Jianfeng},
    booktitle={TRECVID Workshop},
    year={2019}
}

@inproceedings{li2017multi,
    title={{M}ulti-{S}cale {W}ord2{V}isual{V}ec for {V}ideo {C}aption {R}etrieval},
    author={Li Xirong, Xu Chaoxi, Snoek Cees G. M., Koelma Dennis C.},
    booktitle={TRECVID Workshop},
    year={2017}
}

@inproceedings{li2019w2vv++,
    title={{W2VV++}: {F}ully {D}eep {L}earning for {A}d-hoc {V}ideo {S}earch},
    author={Li, Xirong and Xu, Chaoxi and Yang, Gang and Chen, Zhineng and Dong, Jianfeng},
    booktitle={ACM MM},
    year={2019}
}

@inproceedings{xie2017aggregated,
    title={Aggregated {R}esidual {T}ransformations for {D}eep {N}eural {N}etworks},
    author={Xie, Saining and Girshick, Ross and Doll{\'a}r, Piotr and Tu, Zhuowen and He, Kaiming},
    booktitle={CVPR},
    pages={1492--1500},
    year={2017}
}

@inproceedings{li2018renmin,
    title={{R}enmin {U}niversity of {C}hina and {Z}hejiang {G}ongshang {U}niversity at {TRECVID} 2018: {D}eep {C}ross-{M}odal {E}mbeddings for {V}ideo-{T}ext {R}etrieval},
    author={Li, Xirong and Dong, Jianfeng and Xu, Chaoxi and Cao, Jing and Wang, Xun and Yang, Gang},
    booktitle={TRECVID Workshop},
    year={2018}
}

@inproceedings{huang2018informedia,
    title={{I}nformedia@ {TRECVID} 2018: {A}d-hoc {V}ideo {S}earch with {D}iscrete and {C}ontinuous {R}epresentations},
    author={Huang, Po-Yao and Liang, Junwei and Vaibhav, Vaibhav and Chang, Xiaojun and Hauptmann, Alexander},
    booktitle={TRECVID Workshop},
    year={2018}
}

@inproceedings{bastan2018ntu,
    title={{NTU} {ROSE} {L}ab at {TRECVID} 2018: {A}d-hoc {V}ideo {S}earch and {V}ideo to {T}ext},
    author={Bastan, Muhammet and Shi, Xiangxi and Gu, Jiuxiang and Heng, Zhao and Zhuo, Chen and Sng, Dennis and Kot, Alex},
    booktitle={TRECVID Workshop},
    year={2018},
}

@inproceedings{faghri2017vse++,
    title={{V}se++: {I}mproving {V}isual-{S}emantic {E}mbeddings with {H}ard {N}egatives},
    author={Faghri, Fartash and Fleet, David J and Kiros, Jamie Ryan and Fidler, Sanja},
    booktitle={BMCV},
    year={2017}
}

@inproceedings{wu2019hybrid,
    title={{HYBRID SEQUENCE ENCODER FOR TEXT BASED VIDEO RETRIEVAL}},
    author={Wu, Xiang and Chen, Da and He, Yuan and Xue, Hui and Song, Mingli and Mao, Feng},
    booktitle={TRECVID Workshop},
    year={2019}
}


@inproceedings{ueki2019waseda,
    title={{W}aseda\_{M}eisei {S}oft{B}ank at {TRECVID} 2019: {A}d-hoc {V}ideo {S}earch},
    author={Ueki, Kazuya and Hori, Takayuki and Kobayashi, Tetsunori},
    booktitle={TRECVID Workshop},
    year={2019}
}

@inproceedings{awad2016trecvid,
    title={{TRECVID} 2016: {E}valuating {V}ideo {S}earch, {V}ideo {E}vent {D}etection, {L}ocalization, and {H}yperlinking},
    author={Awad, George and Fiscus, Jonathan and Joy, David and Michel, Martial and Smeaton, Alan and Kraaij, Wessel and Eskevich, Maria and Aly, Robin and Ordelman, Roeland and Ritter, Marc and others},
    booktitle={TRECVID Workshop},
    year={2016}
}

@inproceedings{awad2017trecvid,
    title={{TRECVID} 2017: {E}valuating {A}d-hoc and {I}nstance {V}ideo {S}earch, {E}vents {D}etection, {V}ideo {C}aptioning, and {H}yperlinking},
    author={Awad, George and Butt, Asad and Fiscus, Jonathan and Joy, David and Delgado, Andrew and Mcclinton, Willie and Michel, Martial and Smeaton, Alan and Graham, Yvette and Kraaij, Wessel and others},
    booktitle={TRECVID Workshop},
    year={2017}
}

@inproceedings{awad2018trecvid,
    title={{TRECVID} 2018: {B}enchmarking {V}ideo {A}ctivity {D}etection, {V}ideo {C}aptioning and {M}atching, {V}ideo {S}torytelling {L}inking and {V}ideo {S}earch},
    author={Awad, George and Butt, Asad and Curtis, Keith and Lee, Yooyoung and Fiscus, Jonathan and Godil, Afzad and Joy, David and Delgado, Andrew and Smeaton, Alan and Graham, Yvette and others},
    booktitle={TRECVID Workshop},
    year={2018}
}

@inproceedings{awad2019trecvid,
    title={{TRECVID} 2019: {A}n evaluation campaign to benchmark {V}ideo {A}ctivity {D}etection, {V}ideo {C}aptioning and {M}atching, and {V}ideo {S}earch \& retrieval},
    author={Awad, George and Butt, Asad and Curtis, Keith and Lee, Yooyoung and Fiscus, Jonathan and Godil, Afzad and Joy, David and Delgado, Andrew and Smeaton, Alan and Graham, Yvette and others},
    booktitle={TRECVID Workshop},
    year={2019}
}

@article{russakovsky2015imagenet,
    title={ImageNet {L}arge {S}cale {V}isual {R}ecognition {C}hallenge},
    author={Russakovsky, Olga and Deng, Jia and Su, Hao and Krause, Jonathan and Satheesh, Sanjeev and Ma, Sean and Huang, Zhiheng and Karpathy, Andrej and Khosla, Aditya and Bernstein, Michael S and others},
    journal={IJCV},
    volume={115},
    number={3},
    pages={211--252},
    year={2015}
}

@incollection{smeaton2009high,
    title={{H}igh-{L}evel {F}eature {D}etection from {V}ideo in {TRECV}id: a 5-{Y}ear {R}etrospective of {A}chievements},
    author={Smeaton, Alan F and Over, Paul and Kraaij, Wessel},
    booktitle={Multimedia content analysis},
    pages={1--24},
    year={2009},
    publisher={Springer}
}

@article{gabrilovich2007computing,
    title={{C}omputing semantic relatedness using {W}ikipedia-based explicit semantic analysis},
    author={Gabrilovich, Evgeniy and Markovitch, Shaul},
    journal={IJCAI},
    pages={1606--1611},
    year={2007}
}

@article{liang2016learning,
    title={{L}earning to detect concepts from webly-labeled video data},
    author={Liang, Junwei and Jiang, Lu and Meng, Deyu and Hauptmann, Alexander G},
    journal={IJCAI},
    pages={1746--1752},
    year={2016}
}

@article{kordumova2015best,
    title={{B}est practices for learning video concept detectors from social media examples},
    author={Kordumova, Svetlana and Li, Xirong and Snoek, Cees G M},
    journal={Multimedia Tools and Applications},
    volume={74},
    number={4},
    pages={1291--1315},
    year={2015}
}

@inproceedings{arandjelovic2016netvlad,
    title={{N}et{VLAD}: {CNN} {A}rchitecture for {W}eakly {S}upervised {P}lace {R}ecognition},
    author={Arandjelovic, Relja and Gronat, Petr and Torii, Akihiko and Pajdla, Tomas and Sivic, Josef},
    booktitle={CVPR},
    pages={5297--5307},
    year={2016}
}

@inproceedings{cho2014learning,
    title={{L}earning {P}hrase {R}epresentations using {RNN} {E}ncoder-{D}ecoder for {S}tatistical {M}achine {T}ranslation},
    author={Cho, Kyunghyun and Van Merrienboer, Bart and Gulcehre, Caglar and Bahdanau, Dzmitry and Bougares, Fethi and Schwenk, Holger and Bengio, Yoshua},
    booktitle={EMNLP},
    year={2014}
}

@inproceedings{mao2018hierarchical,
    title={{H}ierarchical {V}ideo {F}rame {S}equence {R}epresentation with {D}eep {C}onvolutional {G}raph {N}etwork},
    author={Mao, Feng and Wu, Xiang and Xue, Hui and Zhang, Rong},
    pages={262--270},
    booktitle={ECCV},
    year={2018}
}

@inproceedings{dong2019dual,
    title={{D}ual {E}ncoding for {Z}ero-{E}xample {V}ideo {R}etrieval},
    author={Dong, Jianfeng and Li, Xirong and Xu, Chaoxi and Ji, Shouling and He, Yuan and Yang, Gang and Wang, Xun},
    booktitle={CVPR},
    year={2019}
}

@article{dong2018predicting,
    title={{P}redicting {V}isual {F}eatures {F}rom {T}ext for {I}mage and {V}ideo {C}aption {R}etrieval},
    author={Dong, Jianfeng and Li, Xirong and Snoek, Cees G M},
    journal={T-MM},
    volume={20},
    number={12},
    pages={3377--3388},
    year={2018}
}

@inproceedings{lu2016event,
    title={{E}vent {D}etection with {Z}ero {E}xample: {S}elect the {R}ight and {S}uppress the {W}rong {C}oncepts},
    author={Lu, Yijie and Zhang, Hao and De Boer, Maaike and Ngo, Chongwah},
    booktitle={ICMR},
    pages={127--134},
    year={2016}
}

@article{merler2012semantic,
    title={{S}emantic {M}odel {V}ectors for {C}omplex {V}ideo {E}vent {R}ecognition},
    author={Merler, Michele and Huang, Bert and Xie, Lexing and Hua, Gang and Natsev, Apostol},
    journal={T-MM},
    volume={14},
    number={1},
    pages={88--101},
    year={2012}
}

@inproceedings{mithun2018learning,
    title={Learning {J}oint {E}mbedding with {M}ultimodal {C}ues for {C}ross-{M}odal {V}ideo-{T}ext {R}etrieval},
    author={Mithun, Niluthpol Chowdhury and Li, Juncheng and Metze, Florian and Roychowdhury, Amit K},
    booktitle={ICMR},
    pages={19--27},
    year={2018}
}

@article{hong2017,
    title={基于语义的视频检索综述},
    author={洪涛},
    journal={数字技术与应用},
    pages={113--116},
    year={2017}
}

@article{geetha2008a,
    title={A {S}urvey of {C}ontent-{B}ased {V}ideo {R}etrieval},
    author={Geetha, P and Narayanan, Vasumathi},
    journal={Journal of Computer Science},
    volume={4},
    number={6},
    pages={474--486},
    year={2008}
}

@article{hu2011a,
    title={A {S}urvey on {V}isual {C}ontent-{B}ased {V}ideo {I}ndexing and {R}etrieval},
    author={Hu, Weiming and Xie, Nianhua and Li, Li and Zeng, Xianglin and Maybank, Stephen J},
    journal={Systems Man and Cybernetics},
    volume={41},
    number={6},
    pages={797--819},
    year={2011}
}

@article{peng2018an,
    title={An {O}verview of {C}ross-{M}edia {R}etrieval: {C}oncepts, {M}ethodologies, {B}enchmarks, and {C}hallenges},
    author={Peng, Yuxin and Huang, Xin and Zhao, Yunzhen},
    journal={TCSVT},
    volume={28},
    number={9},
    pages={2372--2385},
    year={2018}
}

@inproceedings{yu2015content,
    title={Content-{B}ased {V}ideo {S}earch over 1 {M}illion {V}ideos with 1 {C}ore in 1 {S}econd},
    author={Yu, Shooui and Jiang, Lu and Xu, Zhongwen and Yang, Yi and Hauptmann, Alexander G},
    booktitle={ICMR},
    pages={419--426},
    year={2015}
}

@article{snoekcees2009concept,
    title={Concept-{B}ased {V}ideo {R}etrieval},
    author={Snoekcees, G M and Worringmarcel},
    journal={Found. Trends Inf. Retr.},
    year={2009}
}

@inproceedings{rasiwasia2010a,
    title={A new approach to cross-modal multimedia retrieval},
    author={Rasiwasia, Nikhil and Pereira, Jose Costa and Coviello, Emanuele and Doyle, Gabriel and Lanckriet, Gert R G and Levy, Roger and Vasconcelos, Nuno},
    booktitle={ACM MM},
    pages={251--260},
    year={2010}
}

@article{feng2014cross,
    title={Cross-modal {R}etrieval with {C}orrespondence {A}utoencoder},
    author={Feng, Fangxiang and Wang, Xiaojie and Li, Ruifan},
    booktitle={ACM MM},
    pages={7--16},
    year={2014}
}

@article{pereira2014on,
    title={On the {R}ole of {C}orrelation and {A}bstraction in {C}ross-{M}odal {M}ultimedia {R}etrieval},
    author={Pereira, Jose Costa and Coviello, Emanuele and Doyle, Gabriel and Rasiwasia, Nikhil and Lanckriet, Gert R G and Levy, Roger and Vasconcelos, Nuno},
    journal={T-PAMI},
    volume={36},
    number={3},
    pages={521--535},
    year={2014}
}

@inproceedings{suris2018cross,
    title={Cross-modal embeddings for video and audio retrieval},
    author={Suris, Didac and Duarte, Amanda and Salvador, Amaia and Torres, Jordi and Giroinieto, Xavier},
    booktitle={ECCV},
    pages={711--716},
    year={2018}
}

@article{hinton2006a,
    title={A fast learning algorithm for deep belief nets},
    author={Hinton, Geoffrey E and Osindero, Simon and Teh, Yee Whye},
    journal={Neural Computation},
    volume={18},
    number={7},
    pages={1527--1554},
    year={2006}
}

@article{rumelhart1988learning,
    title={Learning representations by back-propagating errors},
    author={Rumelhart, David E and Hinton, Geoffrey E and Williams, Ronald J},
    journal={Nature},
    volume={323},
    number={6088},
    pages={696--699},
    year={1988}
}

@inproceedings{krizhevsky2012imagenet,
    title={ImageNet Classification with Deep Convolutional Neural Networks},
    author={Krizhevsky, Alex and Sutskever, Ilya and Hinton, Geoffrey E},
    booktitle={NeurIPS},
    pages={1097--1105},
    year={2012}
}

@inproceedings{deng2009imagenet,
    title={ImageNet: A {L}arge-scale {H}ierarchical {I}mage {D}atabase},
    author={Deng, Jia and Dong, Wei and Socher, Richard and Li, Lijia and Li, Kai and Feifei, Li},
    booktitle={CVPR},
    pages={248--255},
    year={2009}
}

@inproceedings{szegedy2015going,
    title={Going deeper with convolutions},
    author={Szegedy, Christian and Liu, Wei and Jia, Yangqing and Sermanet, Pierre and Reed, Scott and Anguelov, Dragomir and Erhan, Dumitru and Vanhoucke, Vincent and Rabinovich, Andrew},
    booktitle={CVPR},
    pages={1--9},
    year={2015}
}

@inproceedings{simonyan2014two,
    title={{T}wo-{S}tream {C}onvolutional {N}etworks for {A}ction {R}ecognition in {V}ideos},
    author={Simonyan, Karen and Zisserman, Andrew},
    booktitle={NeurIPS},
    pages={568--576},
    year={2014}
}

@inproceedings{carreira2017quo,
    title={{Q}uo {V}adis, {A}ction {R}ecognition? {A} {N}ew {M}odel and the {K}inetics {D}ataset},
    author={Carreira, Joao and Zisserman, Andrew},
    booktitle={CVPR},
    pages={4724--4733},
    year={2017}
}

@inproceedings{mikolov2013efficient,
    title={{E}fficient {E}stimation of {W}ord {R}epresentations in {V}ector {S}pace},
    author={Mikolov, Tomas and Chen, Kai and Corrado, Greg S and Dean, Jeffrey},
    booktitle={ICLR},
    year={2013}
}

@article{hochreiter1997long,
    title={Long short-term memory},
    author={Hochreiter, Sepp and Schmidhuber, Jurgen},
    journal={Neural Computation},
    volume={9},
    number={8},
    pages={1735--1780},
    year={1997}
}

@inproceedings{cho2014learning,
    title={Learning Phrase Representations using RNN Encoder--Decoder for Statistical Machine Translation},
    author={Cho, Kyunghyun and Van Merrienboer, Bart and Gulcehre, Caglar and Bahdanau, Dzmitry and Bougares, Fethi and Schwenk, Holger and Bengio, Yoshua},
    booktitle={EMNLP},
    pages={1724--1734},
    year={2014}
}

@inproceedings{otani2016learning,
    title={{L}earning {J}oint {R}epresentations of {V}ideos and {S}entences with {W}eb {I}mage {S}earch},
    author={Otani, Mayu and Nakashima, Yuta and Rahtu, Esa and Heikkila, Janne and Yokoya, Naokazu},
    booktitle={ECCV},
    pages={651--667},
    year={2016}
}

@inproceedings{venugopalan2015sequence,
    title={{S}equence to {S}equence -- {V}ideo to {T}ext},
    author={Venugopalan, Subhashini and Rohrbach, Marcus and Donahue, Jeff and Mooney, Raymond J and Darrell, Trevor and Saenko, Kate},
    booktitle={ICCV},
    pages={4534--4542},
    year={2015}
}

@inproceedings{sun2019videobert,
    title={{VideoBERT}: {A} {J}oint {M}odel for {V}ideo and {L}anguage {R}epresentation {L}earning},
    author={Sun, Chen and Myers, Austin and Vondrick, Carl and Murphy, Kevin and Schmid, Cordelia},
    booktitle={ICCV},
    pages={7464--7473},
    year={2019}
}

@inproceedings{miech2019howto100m,
    title={{HowTo100M}: {L}earning a {T}ext-{V}ideo {E}mbedding by {W}atching {H}undred {M}illion {N}arrated {V}ideo {C}lips},
    author={Miech, Antoine and Zhukov, Dimitri and Alayrac, Jeanbaptiste and Tapaswi, Makarand and Laptev, Ivan and Sivic, Josef},
    booktitle={ICCV},
    pages={2630--2640},
    year={2019}
}

@article{dong2018predicting,
    title={Predicting Visual Features From Text for Image and Video Caption Retrieval},
    author={Dong, Jianfeng and Li, Xirong and Snoek, Cees G M},
    journal={T-MM},
    volume={20},
    number={12},
    pages={3377--3388},
    year={2018}
}

@inproceedings{yao2015describing,
    title={{D}escribing {V}ideos by {E}xploiting {T}emporal {S}tructure},
    author={Yao, Li and Torabi, Atousa and Cho, Kyunghyun and Ballas, Nicolas and Pal, Chris and Larochelle, Hugo and Courville, Aaron},
    booktitle={ICCV},
    pages={4507--4515},
    year={2015}
}

@article{miech2018learning,
    title={{L}earning a {T}ext-{V}ideo {E}mbedding from {I}ncomplete and {H}eterogeneous Data},
    author={Miech, Antoine and Laptev, Ivan and Sivic, Josef},
    journal={arXiv preprint arXiv:1804.02516},
    year={2018}
}

@inproceedings{liu2019use,
    title={{U}se {W}hat {Y}ou {H}ave: {V}ideo {R}etrieval {U}sing {R}epresentations {F}rom {C}ollaborative {E}xperts.},
    author={Liu, Yang and Albanie, Samuel and Nagrani, Arsha and Zisserman, Andrew},
    booktitle={BMVC},
    year={2019}
}

@inproceedings{ye2015eventnet,
    title={{EventNet}: {A} {L}arge {S}cale {S}tructured {C}oncept {L}ibrary for {C}omplex {E}vent {D}etection in {V}ideo},
    author={Ye, Guangnan and Li, Yitong and Xu, Hongliang and Liu, Dong and Chang, Shihfu},
    booktitle={ACM MM},
    pages={471--480},
    year={2015}
}

@article{jiang2018exploiting,
    title={{E}xploiting {F}eature and {C}lass {R}elationships in {V}ideo {C}ategorization with {R}egularized {D}eep {N}eural {N}etworks},
    author={Jiang, Yugang and Wu, Zuxuan and Wang, Jun and Xue, Xiangyang and Chang, Shihfu},
    journal={T-PAMI},
    volume={40},
    number={2},
    pages={352--364},
    year={2018}
}

@inproceedings{zhou2014learning,
    title={Learning deep features for scene recognition using places database},
    author={Zhou, Bolei and Lapedriza, Agata and Xiao, Jianxiong and Torralba, Antonio and Oliva, Aude},
    booktitle={NeurIPS},
    pages={487--495},
    year={2014}
}

@article{jiang2017exploiting,
    title={Exploiting feature and class relationships in video categorization with regularized deep neural networks},
    author={Jiang, Yu-Gang and Wu, Zuxuan and Wang, Jun and Xue, Xiangyang and Chang, Shih-Fu},
    journal={T-PAMI},
    volume={40},
    number={2},
    pages={352--364},
    year={2017},
    publisher={IEEE}
}

@article{soomro2012ucf101,
    title={{UCF101}: {A} dataset of 101 human actions classes from videos in the wild},
    author={Soomro, Khurram and Zamir, Amir Roshan and Shah, Mubarak},
    journal={arXiv preprint arXiv:1212.0402},
    year={2012}
}

@article{thomee2016yfcc100m,
    title={{YFCC100M}: the new data in multimedia research},
    author={Thomee, Bart and Shamma, David A and Friedland, Gerald and Elizalde, Benjamin and Ni, Karl and Poland, Douglas N and Borth, Damian and Li, Lijia},
    journal={Communications of The ACM},
    volume={59},
    number={2},
    pages={64--73},
    year={2016}
}

@inproceedings{mettes2016the,
    title={{T}he {I}mage{N}et {S}huffle: {R}eorganized {P}re-training for {V}ideo {E}vent {D}etection},
    author={Mettes, Pascal and Koelma, D C and Snoek, Cees G M},
    booktitle={ICMR},
    pages={175--182},
    year={2016}
}

@inproceedings{karpathy2014large,
    title={{L}arge-{S}cale {V}ideo {C}lassification with {C}onvolutional {N}eural {N}etworks},
    author={Karpathy, Andrej and Toderici, George and Shetty, Sanketh and Leung, Thomas and Sukthankar, Rahul and Feifei, Li},
    booktitle={CVPR},
    pages={1725--1732},
    year={2014}
}

@inproceedings{szegedy2016inception,
    title={{I}nception-v4, {I}nception-{R}es{N}et and the {I}mpact of {R}esidual {C}onnections on {L}earning},
    author={Szegedy, Christian and Ioffe, Sergey and Vanhoucke, Vincent and Alemi, Alexander A},
    booktitle={NCAI},
    pages={4278--4284},
    year={2016}
}

@inproceedings{lee2018stacked,
    title={{S}tacked {C}ross {A}ttention for {I}mage-{T}ext {M}atching},
    author={Lee, Kuanghuei and Chen, Xi and Hua, Gang and Hu, Houdong and He, Xiaodong},
    booktitle={ECCV},
    pages={212--228},
    year={2018}
}

@inproceedings{nam2017dual,
    title={{D}ual {A}ttention {N}etworks for {M}ultimodal {R}easoning and {M}atching},
    author={Nam, Hyeonseob and Ha, Jungwoo and Kim, Jeonghee},
    booktitle={CVPR},
    pages={2156--2164},
    year={2017}
}

@inproceedings{aytar2016soundnet,
    title={{S}ound{N}et: {L}earning {S}ound {R}epresentations from {U}nlabeled {V}ideo},
    author={Aytar, Yusuf and Vondrick, Carl and Torralba, Antonio},
    booktitle={NeurIPS},
    pages={892--900},
    year={2016}
}

@incollection{vsrel2020,
  author      = "Yu, X. and Zhang, Y. and Zhang, R.",
  title       = "{C}ross-{M}odality {V}ideo {S}egment {R}etrieval with {E}nsemble {L}earning",
  booktitle   = "Domain Adaptation for Visual Understanding",
  year        = 2020,
  pages       = "65--79",
}

@inproceedings{wang2016temporal,
    title={{T}emporal {S}egment {N}etworks: {T}owards {G}ood {P}ractices for {D}eep {A}ction {R}ecognition},
    author={Wang, Limin and Xiong, Yuanjun and Wang, Zhe and Qiao, Yu and Lin, Dahua and Tang, Xiaoou and Van Gool, Luc},
    booktitle={ECCV},
    pages={20--36},
    year={2016}
}

@inproceedings{liu2019use,
  title={Use What You Have: Video Retrieval Using Representations From Collaborative Experts},
  author={Y. Liu and S. Albanie and A. Nagrani and A. Zisserman},
  booktitle={BMVC},
  year={2019},
}

@article{zhou2018places,
    title={{P}laces: {A} 10 {M}illion {I}mage {D}atabase for {S}cene {R}ecognition},
    author={Zhou, Bolei and Lapedriza, Agata and Khosla, Aditya and Oliva, Aude and Torralba, Antonio},
    journal={T-PAMI},
    volume={40},
    number={6},
    pages={1452--1464},
    year={2018}
}

@inproceedings{huang2017densely,
    title={{D}ensely {C}onnected {C}onvolutional {N}etworks},
    author={Huang, Gao and Liu, Zhuang and Der Maaten, Laurens Van and Weinberger, Kilian Q},
    booktitle={CVPR},
    year={2017}
}

@inproceedings{liu2016ssd,
    title={{SSD}: {S}ingle {S}hot {M}ulti{B}ox {D}etector},
    author={Liu, Wei and Anguelov, Dragomir and Erhan, Dumitru and Szegedy, Christian and Reed, Scott and Fu, Chengyang and Berg, Alexander C},
    booktitle={ECCV},
    pages={21--37},
    year={2016}
}

@inproceedings{cao2018vggface2,
    title={{VGGFace2}: {A} dataset for recognising faces across pose and age},
    author={Cao, Qiong and Shen, Li and Xie, Weidi and Parkhi, Omkar M and Zisserman, Andrew},
    booktitle={FG},
    year={2018}
}

@inproceedings{deng2018pixellink,
    title={{P}ixel{L}ink: {D}etecting {S}cene {T}ext via {I}nstance {S}egmentation},
    author={Deng, Dan and Liu, Haifeng and Cai, Deng and Li, Xuelong},
    booktitle={AAAI},
    pages={6773--6780},
    year={2018}
}

@inproceedings{liu2018synthetically,
    title={{S}ynthetically {S}upervised {F}eature {L}earning for {S}cene {T}ext {R}ecognition},
    author={Liu, Yang and Wang, Zhaowen and Jin, Hailin and Wassell, I J},
    booktitle={ECCV},
    pages={449--465},
    year={2018}
}

@inproceedings{jakub-mm19,
author = {Loko\v{c}, J. and Koval\v{c}ik, G. and Sou\v{c}ek, T. and Moravec, J. and \v{C}ech, P.},
title = {{A} {F}ramework for {E}ffective {K}nown-{I}tem {S}earch in {V}ideo},
year = {2019},
booktitle = {ACM MM},
}

@article{abuelhaija2016youtube,
    title={{YouTube-8M}: {A} {L}arge-{S}cale {V}ideo {C}lassification {B}enchmark},
    author={Abuelhaija, Sami and Kothari, Nisarg and Lee, Joonseok and Natsev, Apostol and Toderici, George and Varadarajan, Balakrishnan and Vijayanarasimhan, Sudheendra},
    journal={arXiv preprint arXiv:1609.08675},
    year={2016}
}

@inproceedings{hershey2017cnn,
    title={{CNN} architectures for large-scale audio classification},
    author={Hershey, Shawn and Chaudhuri, Sourish and Ellis, Daniel P W and Gemmeke, Jort F and Jansen, Aren and Moore, R Channing and Plakal, Manoj and Platt, Devin and Saurous, Rif A and Seybold, Bryan and others},
    booktitle={ICASSP},
    pages={131--135},
    year={2017}
}

@article{hu2019squeeze,
    title={{S}queeze-and-{E}xcitation {N}etworks},
    author={Hu, Jie and Shen, Li and Albanie, Samuel and Sun, Gang and Wu, Enhua},
    journal={T-PAMI},
    pages={1--1},
    year={2019}
}

@article{radford2018improving,
    title={Improving language understanding by generative pre-training},
    author={Radford, Alec and Narasimhan, Karthik and Salimans, Tim and Sutskever, Ilya},
    journal={URL https://s3-us-west-2.amazonaws.com/openai-assets/research-covers/language-unsupervised/language\_understanding\_paper.pdf},
    year={2018}
}

@inproceedings{schroff2015facenet,
    title={{F}ace{N}et: {A} unified embedding for face recognition and clustering},
    author={Schroff, Florian and Kalenichenko, Dmitry and Philbin, James},
    booktitle={CVPR},
    pages={815--823},
    year={2015}
}

@inproceedings{pytorch,
  title={{PyTorch}: {A}n imperative style, high-performance deep learning library},
  author = {Paszke, Adam and Gross, Sam and others},
  booktitle={NeurIPS},
  pages = {8026--8037},
  year={2019}
}

@inproceedings{msrvtt,
  title={{MSR-VTT}: {A} {L}arge {V}ideo {D}escription {D}ataset for {B}ridging {V}ideo and {L}anguage},
  author={Xu, Jun and Mei, Tao and Yao, Ting and Rui, Yong},
  booktitle={CVPR},
  pages={5288--5296},
  year={2016}
}

@inproceedings{yu2018a,
    title={{A} {J}oint {S}equence {F}usion {M}odel for {V}ideo {Q}uestion {A}nswering and {R}etrieval},
    author={Yu, Youngjae and Kim, Jongseok and Kim, Gunhee},
    booktitle={ECCV},
    pages={471--487},
    year={2018}
}

@inproceedings{li2016tgif,
    title={{TGIF}: {A} {N}ew {D}ataset and {B}enchmark on {A}nimated {GIF} {D}escription},
    author={Li, Yuncheng and Song, Yale and Cao, Liangliang and Tetreault, Joel and Goldberg, Larry and Jaimes, Alejandro and Luo, Jiebo},
    booktitle={CVPR},
    pages={4641--4650},
    year={2016}
}

@inproceedings{berns2019v3c1,
    title={{V3C1} {D}ataset: {A}n {E}valuation of {C}ontent {C}haracteristics},
    author={Berns, Fabian and Rossetto, Luca and Schoeffmann, Klaus and Beecks, Christian and Awad, George},
    booktitle={ICMR},
    pages={334--338},
    year={2019}
}

@article{habibian2017video2vec,
    title={{V}ideo2vec {E}mbeddings {R}ecognize {E}vents {W}hen {E}xamples {A}re {S}carce},
    author={Habibian, Amirhossein and Mensink, Thomas and Snoek, Cees G M},
    journal={T-PMAI},
    volume={39},
    number={10},
    pages={2089--2103},
    year={2017}
}
